<?xml version="1.0" encoding="utf-8"?>
<record xmlns="http://www.loc.gov/MARC21/slim" xmlns:xsi="http://www.w3.org/2001/XMLSchema-instance" xsi:schemaLocation="http://www.loc.gov/MARC21/slim http://www.loc.gov/standards/marcxml/schema/MARC21slim.xsd">
	<leader>
		02856nam a2200385   4500
	</leader>
	<controlfield tag="001">
		002129256
	</controlfield>
	<controlfield tag="003">
		NNU
	</controlfield>
	<controlfield tag="006">
		m        d        
	</controlfield>
	<controlfield tag="007">
		cr cn |||m|||a
	</controlfield>
	<controlfield tag="008">
		160223s1934    le c    ob    000 0 arar 
	</controlfield>
	<datafield ind1=" " ind2=" " tag="040">
		<subfield code="a">
			NNU
		</subfield>
		<subfield code="b">
			eng
		</subfield>
		<subfield code="c">
			NNU
		</subfield>
	</datafield>
	<datafield ind1="0" ind2=" " tag="050">
		<subfield code="a">
			PJ25
		</subfield>
		<subfield code="b">
			.A6 no. 6
		</subfield>
	</datafield>
	<datafield ind1=" " ind2=" " tag="066">
		<subfield code="c">
			(3
		</subfield>
		<subfield code="c">
			(4
		</subfield>
	</datafield>
	<datafield ind1=" " ind2=" " tag="090">
		<subfield code="a">
			PJ25
		</subfield>
		<subfield code="b">
			.A6 no.6
		</subfield>
	</datafield>
	<datafield ind1="0" ind2=" " tag="100">
		<subfield code="a">
			Ismāʼīl ibn ʻAbdi,
		</subfield>
		<subfield code="d">
			1881 or 2-1933.
		</subfield>
	</datafield>
	<datafield ind1="1" ind2="3" tag="245">
		<subfield code="6">
			880-01
		</subfield>
		<subfield code="a">
			al-Yazīdīyah qadīman wa-ḥadīthan
		</subfield>
		<subfield code="h">
			[electronic resource] :
		</subfield>
		<subfield code="b">
			wa-hiya thalāthat fuṣūl fī muʻtaqadāt al-Yazīdīyah wa-ʻādātuhum wa-baʻḍ ḥawādith tārīkhihim wa-sīrat aḥad umarāʼihim al-muʻāṣirīn /
		</subfield>
		<subfield code="c">
			li-Ismāʻīl Bak Chūl, amīr al-Yazīdīyah fī Sinjār ; ʻanniya bi-nashrihā wa-ʻādād ḥawāshīhā wa-waḍʻ maqdamatihā wa-fahārisihā Qusṭanṭīn Zurayq
		</subfield>
	</datafield>
	<datafield ind1=" " ind2=" " tag="260">
		<subfield code="6">
			880-02
		</subfield>
		<subfield code="a">
			Bayrūt :
		</subfield>
		<subfield code="b">
			al-Maṭbaʻah al-Amīrikānīyah,
		</subfield>
		<subfield code="c">
			[1934]
		</subfield>
	</datafield>
	<datafield ind1=" " ind2=" " tag="300">
		<subfield code="a">
			online resource (22,134 p.) :
		</subfield>
		<subfield code="b">
			ports.
		</subfield>
	</datafield>
	<datafield ind1="1" ind2=" " tag="490">
		<subfield code="6">
			880-03
		</subfield>
		<subfield code="a">
			al-Jāmiʻah al-Amīrikīyah fī Bayrūt. Manshūrāt Kullīyat al-ʻUlūm wa-al-Ādāb. Silsilat al-ʻUlūm al-Sharqīyah,
		</subfield>
		<subfield code="v">
			6.
		</subfield>
	</datafield>
	<datafield ind1=" " ind2=" " tag="500">
		<subfield code="a">
			Added t.p.: The Yazīdīs past and present; being three original texts about Yazidi doctrines, customs, and some events of their history, with an autobiography of one of their contemporary amirs. By Ismāʻīl Beg Chol, Yazīdī amīr of Sinjār.
		</subfield>
	</datafield>
	<datafield ind1=" " ind2=" " tag="500">
		<subfield code="a">
			Part of the Arabic Collections Online (ACO) project, contributed by New York Univeristy Libraries.
		</subfield>
	</datafield>
	<datafield ind1=" " ind2=" " tag="504">
		<subfield code="a">
			Bibliographical footnotes.
		</subfield>
	</datafield>
	<datafield ind1=" " ind2=" " tag="533">
		<subfield code="a">
			Electronic reproduction.
		</subfield>
		<subfield code="b">
			New York, N.Y. :
		</subfield>
		<subfield code="c">
			New York University,
		</subfield>
		<subfield code="d">
			2016.
		</subfield>
		<subfield code="5">
			NNU
		</subfield>
	</datafield>
	<datafield ind1=" " ind2="0" tag="650">
		<subfield code="a">
			Yezidis.
		</subfield>
	</datafield>
	<datafield ind1="1" ind2=" " tag="700">
		<subfield code="a">
			Zurayq, Qusṭanṭīn,
		</subfield>
		<subfield code="d">
			1909-
		</subfield>
	</datafield>
	<datafield ind1="2" ind2=" " tag="710">
		<subfield code="a">
			New York University.
		</subfield>
		<subfield code="b">
			Libraries.
		</subfield>
	</datafield>
	<datafield ind1="0" ind2=" " tag="730">
		<subfield code="a">
			Arabic Collections Online.
		</subfield>
	</datafield>
	<datafield ind1="0" ind2="8" tag="776">
		<subfield code="i">
			Print version:
		</subfield>
		<subfield code="a">
			Ismāʼīl ibn ʻAbdi, 1881 or 2-1933.
		</subfield>
		<subfield code="t">
			al-Yazīdīyah qadīman wa-ḥadīthan
		</subfield>
		<subfield code="w">
			(NNU)002129256
		</subfield>
		<subfield code="w">
			(DLC)59049558
		</subfield>
	</datafield>
	<datafield ind1="4" ind2="0" tag="856">
		<subfield code="u">
			http://hdl.handle.net/2333.1/fxpnw1b3
		</subfield>
	</datafield>
	<datafield ind1="1" ind2="2" tag="880">
		<subfield code="6">
			245-01/
		</subfield>
		<subfield code="a">
			اليزيدية قديمان وحديثا :
		</subfield>
		<subfield code="b">
			وهي ثلاثة فصول ففي معتقدات اليزيدية وعاداتهم وبعض حوادث تاريخيهم وسيرة احد امرائهم المعاصرين /
		</subfield>
		<subfield code="c">
			لإسماعيل بك �ول، امير اليزيدية في سنجار ؛ عني بنشرها وعداد حواشيها ووضع مقدمتها وفهارسها قسطنطيين زريق.
		</subfield>
	</datafield>
	<datafield ind1=" " ind2=" " tag="880">
		<subfield code="6">
			260-02/
		</subfield>
		<subfield code="a">
			بيروت :
		</subfield>
		<subfield code="b">
			المطبعة الاميركانية،
		</subfield>
		<subfield code="c">
			[١٩٣٤]
		</subfield>
	</datafield>
	<datafield ind1="1" ind2=" " tag="880">
		<subfield code="6">
			490-03/
		</subfield>
		<subfield code="a">
			الجامعة الاميركية في بيروت. منشورات كلية العلوم والآداب. سلسلة العلوم الشرقية،
		</subfield>
		<subfield code="v">
			٦
		</subfield>
	</datafield>
	<datafield ind1=" " ind2="0" tag="830">
		<subfield code="a">
			Publications of the Facukulty of the Arts and Sciences.
		</subfield>
		<subfield code="p">
			Oriental series ;
		</subfield>
		<subfield code="v">
			n. 6.
		</subfield>
	</datafield>
	<datafield ind1=" " ind2=" " tag="959">
		<subfield code="a">
			NNU
		</subfield>
		<subfield code="b">
			WEB
		</subfield>
		<subfield code="c">
			GENI
		</subfield>
		<subfield code="t">
			0
		</subfield>
		<subfield code="m">
			Electronic access
		</subfield>
		<subfield code="s">
			01
		</subfield>
	</datafield>
	<datafield ind1=" " ind2=" " tag="999">
		<subfield code="i">
			NNU_002129256
		</subfield>
		<subfield code="s">
			nyu_aco001833
		</subfield>
		<subfield code="e">
			(ERROR-880)(ERROR-MISC)
		</subfield>
	</datafield>
</record>
